@article{keane1994,
  title={A Bernoulli factory},
  author={Keane, MS and O'Brien, George L},
  journal={ACM Transactions on Modeling and Computer Simulation (TOMACS)},
  volume={4},
  number={2},
  pages={213--219},
  year={1994},
  publisher={ACM}
}

@article{dale2015,
  title={Provable quantum advantage in randomness processing},
  author={Dale, Howard and Jennings, David and Rudolph, Terry},
  journal={Nature communications},
  volume={6},
  pages={8203},
  year={2015},
  publisher={Nature Publishing Group}
}

@article{vonneumann1951,
  title={13. various techniques used in connection with random digits},
  author={Von Neumann, John},
  journal={Appl. Math Ser},
  volume={12},
  number={36-38},
  pages={3},
  year={1951}
}
